@preamble{ "\newcommand{\noopsort}[1]{} "
	# "\newcommand{\printfirst}[2]{#1} "
	# "\newcommand{\singleletter}[1]{#1} "
	# "\newcommand{\switchargs}[2]{#2#1} " }

@BOOK{design-by-numbers,
  author = "John Maeda",
  title = "Design by Numbers",
  publisher = "The MIT Press",
  edition = "First paperback",
  year = "2001"
}

@INBOOK{analog-days,
  author = "Trevor Pinch and Frank Trocco",
  title = "Analog days: the Invention and impact Of The Moog synthesizer",
  publisher = "Harvard University Press",
  edition = "First Harvard University Press paperback edition",
  chapter = "3: Shaping the Synthesizer",
  pages = "68",
  year = "2004"
}

 @MISC{ website-bastl-instruments-current,
 author = "Bastl Instruments",
  title = "Official website",
  year = "2021",
  howpublished = "\url{https://www.bastl-instruments.com/}",
  note = "[Online; accessed 24-July-2021]"
}

 @MISC{ website-shbobo-current,
 author = "Shbobo",
  title = "Official website",
  year = "2021",
  howublished = "\url{https://www.shbobo.net/}",
  note = "[Online; accessed 24-July-2021]"
}

 @MISC{ website-critter-and-guitari-current,
 author = "Critter \& Guitari",
  title = "Official website",
  year = "2021",
  howpublished = "\url{https://www.critterandguitari.com/}", 
  note = "[Online; accessed 24-July-2021]"
}

 @MISC{ website-critter-and-guitari-kaleidoloop,
 author = "Critter \& Guitari",
  title = "Kaleidoloop",
  year = "2015",
  howpublished = "\url{https://web.archive.org/web/20150206042159/http://www.critterandguitari.com/collections/instruments/products/kaleidoloop}",
  note = "[Online; accessed 24-July-2021]"
}

 @MISC{ website-monome-current,
 author = "Monome",
  title = "Official website",
  year = "2021",
  howpublished = "\url{https://www.monome.org/}",
  note = "[Online; accessed 24-July-2021]"
}

 @MISC{ website-sam-lavigne-training-poses,
 author = "Sam Lavigne",
  title = "Training Poses",
  year = "2018",
  howpublished = "\url{https://lav.io/projects/training-poses/}",
  note = "[Online; accessed 26-July-2021]"
}
